<?xml version="1.0" encoding="UTF-8"?>
<record xmlns="http://www.loc.gov/MARC21/slim">
   <leader>00992cam a2200265 a 4500</leader>
   <controlfield tag="001">2745169</controlfield>
   <controlfield tag="003">NjP</controlfield>
   <controlfield tag="005">20171006172831.0</controlfield>
   <controlfield tag="008">850222s1971    ir            000 0 arar </controlfield>
   <datafield tag="024" ind1="7" ind2=" ">
      <subfield code="a">princeton_aco003552</subfield>
      <subfield code="2">local</subfield>
   </datafield>
   <datafield ind1=" " ind2=" " tag="010">
      <subfield code="a">   83930639 /NE/r88 </subfield>
   </datafield>
   <datafield ind1=" " ind2=" " tag="035">
      <subfield code="a">(OCoLC)ocm12107883</subfield>
   </datafield>
   <datafield ind1=" " ind2=" " tag="035">
      <subfield code="9">CND6014TS</subfield>
   </datafield>
   <datafield ind1=" " ind2=" " tag="040">
      <subfield code="a">DLC</subfield>
      <subfield code="c">DLC</subfield>
      <subfield code="d">PUL</subfield>
   </datafield>
   <datafield ind1="0" ind2=" " tag="041">
      <subfield code="a">araper</subfield>
   </datafield>
   <datafield ind1="0" ind2=" " tag="050">
      <subfield code="a">BP194.7</subfield>
      <subfield code="b">.A48 1971</subfield>
   </datafield>
   <datafield ind1="0" ind2="0" tag="245">
      <subfield code="a">Āyātī az Qurʾān-i Majīd va sukhanān-i maʻṣūmīn :</subfield>
      <subfield code="b">ba tarjamah-i Fārsī : dar umūr-i dunyā va dīn /</subfield>
      <subfield code="c">[mutarjim] Faz̤l Allāh Kumpānī.</subfield>
   </datafield>
   <datafield ind1=" " ind2=" " tag="250">
      <subfield code="a">Chāp-i 3.</subfield>
   </datafield>
   <datafield ind1=" " ind2=" " tag="260">
      <subfield code="a">[Tehran] :</subfield>
      <subfield code="b">Kitābfurūshī-i Furūghī,</subfield>
      <subfield code="c">[13]50 [1971]</subfield>
   </datafield>
   <datafield ind1=" " ind2=" " tag="300">
      <subfield code="a">603 p. ;</subfield>
      <subfield code="c">25 cm.</subfield>
   </datafield>
   <datafield ind1=" " ind2=" " tag="500">
      <subfield code="a">Arabic and Persian.</subfield>
   </datafield>
   <datafield ind1=" " ind2="0" tag="650">
      <subfield code="a">Religious life</subfield>
      <subfield code="x">Shīʻah.</subfield>
      <subfield code="0">http://id.loc.gov/authorities/subjects/sh85112676</subfield>
   </datafield>
   <datafield ind1=" " ind2="0" tag="650">
      <subfield code="a">Shiites</subfield>
      <subfield code="v">Quotations, maxims, etc.</subfield>
   </datafield>
   <datafield ind1="1" ind2=" " tag="700">
      <subfield code="a">Kumpānī, Faz̤l Allāh.</subfield>
   </datafield>
   <datafield ind1=" " ind2=" " tag="945">
      <subfield code="a">F</subfield>
      <subfield code="b">1</subfield>
      <subfield code="c">2260.546</subfield>
   </datafield>
   <datafield ind1=" " ind2=" " tag="911">
      <subfield code="a">20000130</subfield>
   </datafield>
   <datafield ind1="0" ind2="0" tag="852">
      <subfield code="0">3055851</subfield>
      <subfield code="b">rcppa</subfield>
      <subfield code="t">1</subfield>
      <subfield code="h">BP194.7</subfield>
      <subfield code="i">.A48 1971</subfield>
      <subfield code="x">tr fr nec</subfield>
   </datafield>
   <datafield ind1=" " ind2=" " tag="959">
      <subfield code="a">2009-06-29 11:23:06 -0400</subfield>
   </datafield>
</record>
